<record><leader>00000cas a2200000 a 4500</leader><controlfield tag="001">11891245</controlfield><controlfield tag="008">850408d19281929ksudr ne      0   a0eng d</controlfield><datafield ind1=" " ind2=" " tag="010"><subfield code="a">sn 85029131 </subfield></datafield><datafield ind1=" " ind2=" " tag="040"><subfield code="a">KSH</subfield><subfield code="b">eng</subfield><subfield code="c">KSH</subfield><subfield code="d">NPT</subfield><subfield code="d">OCL</subfield><subfield code="d">OCLCQ</subfield></datafield><datafield ind1=" " ind2=" " tag="042"><subfield code="a">msc</subfield></datafield><datafield ind1="0" ind2="0" tag="245"><subfield code="a">Jefferson County daily.</subfield></datafield><datafield ind1=" " ind2=" " tag="260"><subfield code="a">Valley Falls, Kan. :</subfield><subfield code="b">G.C. Hall,</subfield><subfield code="c">1928-1929.</subfield></datafield><datafield ind1=" " ind2=" " tag="300"><subfield code="a">1 v. :</subfield><subfield code="b">ill. ;</subfield><subfield code="c">50 cm.</subfield></datafield><datafield ind1=" " ind2=" " tag="310"><subfield code="a">Daily (except Sunday and holidays)</subfield></datafield><datafield ind1="0" ind2=" " tag="362"><subfield code="a">Vol. 1, no. 1 (Oct. 31, 1928)-v. 1, no. 76 (Feb. 2, 1929).</subfield></datafield><datafield ind1=" " ind2=" " tag="752"><subfield code="a">United States</subfield><subfield code="b">Kansas</subfield><subfield code="c">Jefferson</subfield><subfield code="d">Valley Falls.</subfield></datafield></record>